@article{CMP2021,
  author    = {Francisco Criado, David Mart√≠nez-Rubio, Sebastian Pokutta},
  title     = {Fast Algorithms for Packing Proportional Fairness and its Dual},
  url       = {https://arxiv.org/abs/2109.03678},
  year      = {2021},
  journal   = {CoRR}
}

