@proceedings{ALT2020,
  editor    = {Aryeh Kontorovich and
               Gergely Neu},
  title     = {Algorithmic Learning Theory, {ALT} 2020, 8-11 February 2020, San Diego,
               CA, {USA}},
  series    = {Proceedings of Machine Learning Research},
  volume    = {117},
  publisher = {{PMLR}},
  year      = {2020},
  url       = {http://proceedings.mlr.press/v117/},
  timestamp = {Thu, 18 Jun 2020 11:48:49 +0200},
  biburl    = {https://dblp.org/rec/conf/alt/2020.bib},
  bibsource = {dblp computer science bibliography, https://dblp.org}
}


@article{modern2019orabona,
  author    = {Francesco Orabona},
  title     = {A Modern Introduction to Online Learning},
  journal   = {CoRR},
  volume    = {abs/1912.13213},
  year      = {2019},
  url       = {http://arxiv.org/abs/1912.13213},
  archivePrefix = {arXiv},
  eprint    = {1912.13213},
  timestamp = {Sat, 04 Jan 2020 19:40:16 +0100},
  biburl    = {https://dblp.org/rec/journals/corr/abs-1912-13213.bib},
  bibsource = {dblp computer science bibliography, https://dblp.org}
}

@article{diakonikolas2020fair,
  author    = {Jelena Diakonikolas and
               Maryam Fazel and
               Lorenzo Orecchia},
  title     = {Fair Packing and Covering on a Relative Scale},
  journal   = {{SIAM} J. Optim.},
  volume    = {30},
  number    = {4},
  pages     = {3284--3314},
  year      = {2020},
  url       = {https://doi.org/10.1137/19M1288516},
  doi       = {10.1137/19M1288516},
  timestamp = {Sat, 09 Jan 2021 14:13:22 +0100},
  biburl    = {https://dblp.org/rec/journals/siamjo/DiakonikolasFO20.bib},
  bibsource = {dblp computer science bibliography, https://dblp.org}
}

@article{allen2019nearly,
  author    = {Zeyuan Allen{-}Zhu and
               Lorenzo Orecchia},
  title     = {Nearly linear-time packing and covering {LP} solvers - Achieving width-independence
               and 1/epsilon-convergence},
  journal   = {Math. Program.},
  volume    = {175},
  number    = {1-2},
  pages     = {307--353},
  year      = {2019},
  url       = {https://doi.org/10.1007/s10107-018-1244-x},
  doi       = {10.1007/s10107-018-1244-x},
  timestamp = {Sat, 19 Oct 2019 19:53:56 +0200},
  biburl    = {https://dblp.org/rec/journals/mp/Allen-ZhuO19.bib},
  bibsource = {dblp computer science bibliography, https://dblp.org}
}


@article{diakonikolas2017solving,
  author    = {Jelena Diakonikolas and
               Lorenzo Orecchia},
  title     = {Solving Packing and Covering {LP}s in {{\~{O}}}(1/{\(\epsilon\)}\({}^{\mbox{2}}\))
               Distributed Iterations with a Single Algorithm and Simpler Analysis},
  journal   = {CoRR},
  volume    = {abs/1710.09002},
  year      = {2017},
  url       = {http://arxiv.org/abs/1710.09002},
  archivePrefix = {arXiv},
  eprint    = {1710.09002},
  timestamp = {Mon, 13 Aug 2018 16:47:19 +0200},
  biburl    = {https://dblp.org/rec/journals/corr/abs-1710-09002.bib},
  bibsource = {dblp computer science bibliography, https://dblp.org}
}

@inproceedings{marasevic2015fast,
  author    = {Jelena Marašević and
               Clifford Stein and
               Gil Zussman},
  editor    = {Ioannis Chatzigiannakis and
               Michael Mitzenmacher and
               Yuval Rabani and
               Davide Sangiorgi},
  title     = {A Fast Distributed Stateless Algorithm for alpha-Fair Packing Problems},
  booktitle = {43rd International Colloquium on Automata, Languages, and Programming,
               {ICALP} 2016, July 11-15, 2016, Rome, Italy},
  series    = {LIPIcs},
  volume    = {55},
  pages     = {54:1--54:15},
  publisher = {Schloss Dagstuhl - Leibniz-Zentrum f{\"{u}}r Informatik},
  year      = {2016},
  url       = {https://doi.org/10.4230/LIPIcs.ICALP.2016.54},
  doi       = {10.4230/LIPIcs.ICALP.2016.54},
  timestamp = {Mon, 17 Aug 2020 11:36:12 +0200},
  biburl    = {https://dblp.org/rec/conf/icalp/MarasevicSZ16.bib},
  bibsource = {dblp computer science bibliography, https://dblp.org}
}

@inproceedings{yamnitsky1982,
  author    = {Boris Yamnitsky and
               Leonid A. Levin},
  title     = {An Old Linear Programming Algorithm Runs in Polynomial Time},
  booktitle = {23rd Annual Symposium on Foundations of Computer Science, Chicago,
               Illinois, USA, 3-5 November 1982},
  pages     = {327--328},
  publisher = {{IEEE} Computer Society},
  year      = {1982},
  url       = {https://doi.org/10.1109/SFCS.1982.63},
  doi       = {10.1109/SFCS.1982.63},
  timestamp = {Wed, 16 Oct 2019 14:14:54 +0200},
  biburl    = {https://dblp.org/rec/conf/focs/YamnitskyL82.bib},
  bibsource = {dblp computer science bibliography, https://dblp.org}
}

@article{mo2000,
  author    = {Jeonghoon Mo and
               Jean C. Walrand},
  title     = {Fair end-to-end window-based congestion control},
  journal   = {{IEEE/ACM} Trans. Netw.},
  volume    = {8},
  number    = {5},
  pages     = {556--567},
  year      = {2000},
  url       = {https://doi.org/10.1109/90.879343},
  doi       = {10.1109/90.879343},
  timestamp = {Wed, 14 Nov 2018 10:14:03 +0100},
  biburl    = {https://dblp.org/rec/journals/ton/MoW00.bib},
  bibsource = {dblp computer science bibliography, https://dblp.org}
}


@article{bertsimas2011,
  author    = {Dimitris Bertsimas and
               Vivek F. Farias and
               Nikolaos Trichakis},
  title     = {The Price of Fairness},
  journal   = {Oper. Res.},
  volume    = {59},
  number    = {1},
  pages     = {17--31},
  year      = {2011},
  url       = {https://doi.org/10.1287/opre.1100.0865},
  doi       = {10.1287/opre.1100.0865},
  timestamp = {Thu, 13 Aug 2020 18:45:27 +0200},
  biburl    = {https://dblp.org/rec/journals/ior/BertsimasFT11.bib},
  bibsource = {dblp computer science bibliography, https://dblp.org}
}


@incollection{faigle1996variant,
  title={On a variant of the ellipsoid method: Using simplices instead of ellipsoids},
  author={Faigle, Ulrich and Hunting, Marcel and Kern, Walter},
  booktitle={Operations Research Proceedings 1995},
  pages={1--6},
  year={1996},
  publisher={Springer}
}

@article{faigle1997simplices,
  title={Simplices by point-sliding and the {Y}amnitsky-{L}evin algorithm},
  author={Faigle, Ulrich and Hunting, Marcel and Kern, Walter and Prakash, R and Supowit, KJ},
  journal={Mathematical methods of operations research},
  volume={46},
  number={1},
  pages={131--142},
  year={1997},
  publisher={Springer}
}

@inproceedings{bartels2000complexity,
  title={The complexity of {Y}amnitsky and {L}evin’s simplices algorithm},
  author={Bartels, Sven G},
  booktitle={Polytopes—Combinatorics and Computation},
  pages={199--225},
  year={2000},
  organization={Springer}
}

@article{levin2020climbing,
  title={Climbing LP Algorithms},
  author={Levin, Leonid A},
  journal={arXiv preprint arXiv:2101.00101},
  year={2020}
}

@article{levin1965algorithm,
  title={On an algorithm for convex functions minimization},
  author={Levin, AY},
  journal={Doklady Akad. Nauk USSR,(160)},
  pages={1244--1247},
  year={1965}
}

@article{yudin1976informational,
  title={Informational complexity and efficient methods for the solution of convex extremal problems},
  author={Yudin, DB and Nemirovskii, Arkadi S},
  journal={Matekon},
  volume={13},
  number={2},
  pages={22--45},
  year={1976}
}

@article{beck2014gradient,
  author    = {Amir Beck and
               Angelia Nedic and
               Asuman E. Ozdaglar and
               Marc Teboulle},
  title     = {An {O}(1/k) Gradient Method for Network Resource Allocation Problems},
  journal   = {{IEEE} Trans. Control. Netw. Syst.},
  volume    = {1},
  number    = {1},
  pages     = {64--73},
  year      = {2014},
  url       = {https://doi.org/10.1109/TCNS.2014.2309751},
  doi       = {10.1109/TCNS.2014.2309751},
  timestamp = {Thu, 09 Apr 2020 17:11:04 +0200},
  biburl    = {https://dblp.org/rec/journals/tcns/BeckNOT14.bib},
  bibsource = {dblp computer science bibliography, https://dblp.org}
}

@inproceedings{bonald2015multiresource,
  author    = {Thomas Bonald and
               James W. Roberts},
  editor    = {Bill Lin and
               Jun (Jim) Xu and
               Sudipta Sengupta and
               Devavrat Shah},
  title     = {Multi-Resource Fairness: Objectives, Algorithms and Performance},
  booktitle = {Proceedings of the 2015 {ACM} {SIGMETRICS} International Conference
               on Measurement and Modeling of Computer Systems, Portland, OR, USA,
               June 15-19, 2015},
  pages     = {31--42},
  publisher = {{ACM}},
  year      = {2015},
  url       = {https://doi.org/10.1145/2745844.2745869},
  doi       = {10.1145/2745844.2745869},
  timestamp = {Tue, 06 Nov 2018 11:07:17 +0100},
  biburl    = {https://dblp.org/rec/conf/sigmetrics/BonaldR15.bib},
  bibsource = {dblp computer science bibliography, https://dblp.org}
}


@inproceedings{jin2018tradeoff,
  author    = {Youngmi Jin and
               Michiaki Hayashi},
  title     = {Trade-off between fairness and efficiency in dominant alpha-fairness
               family},
  booktitle = {{IEEE} {INFOCOM} 2018 - {IEEE} Conference on Computer Communications
               Workshops, {INFOCOM} Workshops 2018, Honolulu, HI, USA, April 15-19,
               2018},
  pages     = {391--396},
  publisher = {{IEEE}},
  year      = {2018},
  url       = {https://doi.org/10.1109/INFCOMW.2018.8406869},
  doi       = {10.1109/INFCOMW.2018.8406869},
  timestamp = {Wed, 16 Oct 2019 14:14:51 +0200},
  biburl    = {https://dblp.org/rec/conf/infocom/JinH18.bib},
  bibsource = {dblp computer science bibliography, https://dblp.org}
}


@article{kelly1997charging,
  author    = {Frank Kelly},
  title     = {Charging and rate control for elastic traffic},
  journal   = {Eur. Trans. Telecommun.},
  volume    = {8},
  number    = {1},
  pages     = {33--37},
  year      = {1997},
  url       = {https://doi.org/10.1002/ett.4460080106},
  doi       = {10.1002/ett.4460080106},
  timestamp = {Mon, 18 May 2020 17:46:33 +0200},
  biburl    = {https://dblp.org/rec/journals/ett/Kelly97.bib},
  bibsource = {dblp computer science bibliography, https://dblp.org}
}


@inproceedings{joewong2012multiresource,
  author    = {Carlee Joe{-}Wong and
               Soumya Sen and
               Tian Lan and
               Mung Chiang},
  editor    = {Albert G. Greenberg and
               Kazem Sohraby},
  title     = {Multi-resource allocation: Fairness-efficiency tradeoffs in a unifying
               framework},
  booktitle = {Proceedings of the {IEEE} {INFOCOM} 2012, Orlando, FL, USA, March
               25-30, 2012},
  pages     = {1206--1214},
  publisher = {{IEEE}},
  year      = {2012},
  url       = {https://doi.org/10.1109/INFCOM.2012.6195481},
  doi       = {10.1109/INFCOM.2012.6195481},
  timestamp = {Wed, 16 Oct 2019 14:14:51 +0200},
  biburl    = {https://dblp.org/rec/conf/infocom/Joe-WongSLC12.bib},
  bibsource = {dblp computer science bibliography, https://dblp.org}
}


@article{atkinson1970measurement,
  title={On the measurement of inequality},
  author={Atkinson, Anthony B and others},
  journal={Journal of economic theory},
  volume={2},
  number={3},
  pages={244--263},
  year={1970}
}
     

@article{bertsimas2010efficiency,
  author    = {Dimitris Bertsimas and
               Vivek F. Farias and
               Nikolaos Trichakis},
  title     = {On the Efficiency-Fairness Trade-off},
  journal   = {Manag. Sci.},
  volume    = {58},
  number    = {12},
  pages     = {2234--2250},
  year      = {2012},
  url       = {https://doi.org/10.1287/mnsc.1120.1549},
  doi       = {10.1287/mnsc.1120.1549},
  timestamp = {Tue, 30 Jun 2020 11:41:30 +0200},
  biburl    = {https://dblp.org/rec/journals/mansci/BertsimasFT12.bib},
  bibsource = {dblp computer science bibliography, https://dblp.org}
}


@article{allybokus2018lower,
  author    = {Zaid Allybokus and
               Konstantin Avrachenkov and
               J{\'{e}}r{\'{e}}mie Leguay and
               Lorenzo Maggi},
  title     = {Lower Bounds for the Fair Resource Allocation Problem},
  journal   = {CoRR},
  volume    = {abs/1802.02932},
  year      = {2018},
  url       = {http://arxiv.org/abs/1802.02932},
  archivePrefix = {arXiv},
  eprint    = {1802.02932},
  timestamp = {Mon, 13 Aug 2018 16:47:36 +0200},
  biburl    = {https://dblp.org/rec/journals/corr/abs-1802-02932.bib},
  bibsource = {dblp computer science bibliography, https://dblp.org}
}



@article{arora2012multiplicative,
  author    = {Sanjeev Arora and
               Elad Hazan and
               Satyen Kale},
  title     = {The Multiplicative Weights Update Method: a Meta-Algorithm and Applications},
  journal   = {Theory Comput.},
  volume    = {8},
  number    = {1},
  pages     = {121--164},
  year      = {2012},
  url       = {https://doi.org/10.4086/toc.2012.v008a006},
  doi       = {10.4086/toc.2012.v008a006},
  timestamp = {Sun, 21 Jun 2020 17:37:48 +0200},
  biburl    = {https://dblp.org/rec/journals/toc/AroraHK12.bib},
  bibsource = {dblp computer science bibliography, https://dblp.org}
}



@article{plotkin1995fast,
  author    = {Serge A. Plotkin and
               David B. Shmoys and
               {\'{E}}va Tardos},
  title     = {Fast Approximation Algorithms for Fractional Packing and Covering
               Problems},
  journal   = {Math. Oper. Res.},
  volume    = {20},
  number    = {2},
  pages     = {257--301},
  year      = {1995},
  url       = {https://doi.org/10.1287/moor.20.2.257},
  doi       = {10.1287/moor.20.2.257},
  timestamp = {Sun, 28 May 2017 13:24:36 +0200},
  biburl    = {https://dblp.org/rec/journals/mor/PlotkinST95.bib},
  bibsource = {dblp computer science bibliography, https://dblp.org}
}


@inproceedings{kao2010axiomatic,
  author    = {Tian Lan and
               David T. H. Kao and
               Mung Chiang and
               Ashutosh Sabharwal},
  title     = {An Axiomatic Theory of Fairness in Network Resource Allocation},
  booktitle = {{INFOCOM} 2010. 29th {IEEE} International Conference on Computer Communications,
               Joint Conference of the {IEEE} Computer and Communications Societies,
               15-19 March 2010, San Diego, CA, {USA}},
  pages     = {1343--1351},
  publisher = {{IEEE}},
  year      = {2010},
  url       = {https://doi.org/10.1109/INFCOM.2010.5461911},
  doi       = {10.1109/INFCOM.2010.5461911},
  timestamp = {Wed, 16 Oct 2019 14:14:51 +0200},
  biburl    = {https://dblp.org/rec/conf/infocom/LanKCS10.bib},
  bibsource = {dblp computer science bibliography, https://dblp.org}
}

@article{nash1950bargaining,
 ISSN = {00129682, 14680262},
 URL = {http://www.jstor.org/stable/1907266},
 author = {John F. Nash},
 journal = {Econometrica},
 number = {2},
 pages = {155--162},
 publisher = {[Wiley, Econometric Society]},
 title = {The Bargaining Problem},
 volume = {18},
 year = {1950}
}


@inproceedings{mccormick2014real, 
  author    = {Bill McCormick and
               Frank Kelly and
               Patrice Plante and
               Paul Gunning and
               Peter Ashwood{-}Smith},
  editor    = {Aditya Akella and
               Albert G. Greenberg},
  title     = {Real time alpha-fairness based traffic engineering},
  booktitle = {Proceedings of the third workshop on Hot topics in software defined
               networking, HotSDN '14, Chicago, Illinois, USA, August 22, 2014},
  pages     = {199--200},
  publisher = {{ACM}},
  year      = {2014},
  url       = {https://doi.org/10.1145/2620728.2620762},
  doi       = {10.1145/2620728.2620762},
  timestamp = {Tue, 06 Nov 2018 11:07:12 +0100},
  biburl    = {https://dblp.org/rec/conf/sigcomm/McCormickKPGA14.bib},
  bibsource = {dblp computer science bibliography, https://dblp.org}
}

@article{jain2010eisenberg,
  author    = {Kamal Jain and
               Vijay V. Vazirani},
  title     = {Eisenberg-Gale markets: Algorithms and game-theoretic properties},
  journal   = {Games Econ. Behav.},
  volume    = {70},
  number    = {1},
  pages     = {84--106},
  year      = {2010},
  url       = {https://doi.org/10.1016/j.geb.2008.11.011},
  doi       = {10.1016/j.geb.2008.11.011},
  timestamp = {Sat, 22 Feb 2020 13:47:34 +0100},
  biburl    = {https://dblp.org/rec/journals/geb/JainV10.bib},
  bibsource = {dblp computer science bibliography, https://dblp.org}
}


@inproceedings{jain2007eisenberg,
  author    = {Kamal Jain and
               Vijay V. Vazirani},
  editor    = {David S. Johnson and
               Uriel Feige},
  title     = {Eisenberg-Gale markets: algorithms and structural properties},
  booktitle = {Proceedings of the 39th Annual {ACM} Symposium on Theory of Computing,
               San Diego, California, USA, June 11-13, 2007},
  pages     = {364--373},
  publisher = {{ACM}},
  year      = {2007},
  url       = {https://doi.org/10.1145/1250790.1250845},
  doi       = {10.1145/1250790.1250845},
  timestamp = {Tue, 06 Nov 2018 11:07:05 +0100},
  biburl    = {https://dblp.org/rec/conf/stoc/JainV07.bib},
  bibsource = {dblp computer science bibliography, https://dblp.org}
}


@inproceedings{allen2015using,
  author    = {Zeyuan Allen-Zhu and
               Lorenzo Orecchia},
  editor    = {Piotr Indyk},
  title     = {Using Optimization to Break the Epsilon Barrier: {A} Faster and Simpler
               Width-Independent Algorithm for Solving Positive Linear Programs in
               Parallel},
  booktitle = {Proceedings of the Twenty-Sixth Annual {ACM-SIAM} Symposium on Discrete
               Algorithms, {SODA} 2015, San Diego, CA, USA, January 4-6, 2015},
  pages     = {1439--1456},
  publisher = {{SIAM}},
  year      = {2015},
  url       = {https://doi.org/10.1137/1.9781611973730.95},
  doi       = {10.1137/1.9781611973730.95},
  timestamp = {Tue, 02 Feb 2021 17:07:34 +0100},
  biburl    = {https://dblp.org/rec/conf/soda/ZhuO15.bib},
  bibsource = {dblp computer science bibliography, https://dblp.org}
}


@techreport{bienstock2004faster,
  title={Faster approximation algorithms for packing and covering problems},
  author={Bienstock, Daniel and Iyengar, Garud},
  year={2004},
  institution={Columbia University. Preliminary version published in STOC ’04}
}


@inproceedings{cheung2013tatonnement,
  author    = {Yun Kuen Cheung and
               Richard Cole and
               Nikhil R. Devanur},
  editor    = {Dan Boneh and
               Tim Roughgarden and
               Joan Feigenbaum},
  title     = {Tatonnement beyond gross substitutes?: gradient descent to the rescue},
  booktitle = {Symposium on Theory of Computing Conference, STOC'13, Palo Alto, CA,
               USA, June 1-4, 2013},
  pages     = {191--200},
  publisher = {{ACM}},
  year      = {2013},
  url       = {https://doi.org/10.1145/2488608.2488633},
  doi       = {10.1145/2488608.2488633},
  timestamp = {Tue, 06 Nov 2018 11:07:04 +0100},
  biburl    = {https://dblp.org/rec/conf/stoc/CheungCD13.bib},
  bibsource = {dblp computer science bibliography, https://dblp.org}
}


@inproceedings{allenzhu2017linear,
  author    = {Zeyuan Allen-Zhu and
               Lorenzo Orecchia},
  editor    = {Christos H. Papadimitriou},
  title     = {Linear Coupling: An Ultimate Unification of Gradient and Mirror Descent},
  booktitle = {8th Innovations in Theoretical Computer Science Conference, {ITCS}
               2017, January 9-11, 2017, Berkeley, CA, {USA}},
  series    = {LIPIcs},
  volume    = {67},
  pages     = {3:1--3:22},
  publisher = {Schloss Dagstuhl - Leibniz-Zentrum f{\"{u}}r Informatik},
  year      = {2017},
  url       = {https://doi.org/10.4230/LIPIcs.ITCS.2017.3},
  doi       = {10.4230/LIPIcs.ITCS.2017.3},
  timestamp = {Tue, 11 Feb 2020 15:52:14 +0100},
  biburl    = {https://dblp.org/rec/conf/innovations/ZhuO17.bib},
  bibsource = {dblp computer science bibliography, https://dblp.org}
}


@inproceedings{luby1993parallel,
  author    = {Michael Luby and
               Noam Nisan},
  editor    = {S. Rao Kosaraju and
               David S. Johnson and
               Alok Aggarwal},
  title     = {A parallel approximation algorithm for positive linear programming},
  booktitle = {Proceedings of the Twenty-Fifth Annual {ACM} Symposium on Theory of
               Computing, May 16-18, 1993, San Diego, CA, {USA}},
  pages     = {448--457},
  publisher = {{ACM}},
  year      = {1993},
  url       = {https://doi.org/10.1145/167088.167211},
  doi       = {10.1145/167088.167211},
  timestamp = {Sun, 25 Oct 2020 22:32:31 +0100},
  biburl    = {https://dblp.org/rec/conf/stoc/LubyN93.bib},
  bibsource = {dblp computer science bibliography, https://dblp.org}
}


@inproceedings{awerbuch2008stateless,
  author    = {Baruch Awerbuch and
               Rohit Khandekar},
  editor    = {Cynthia Dwork},
  title     = {Stateless distributed gradient descent for positive linear programs},
  booktitle = {Proceedings of the 40th Annual {ACM} Symposium on Theory of Computing,
               Victoria, British Columbia, Canada, May 17-20, 2008},
  pages     = {691--700},
  publisher = {{ACM}},
  year      = {2008},
  url       = {https://doi.org/10.1145/1374376.1374476},
  doi       = {10.1145/1374376.1374476},
  timestamp = {Tue, 06 Nov 2018 11:07:05 +0100},
  biburl    = {https://dblp.org/rec/conf/stoc/AwerbuchK08.bib},
  bibsource = {dblp computer science bibliography, https://dblp.org}
}

@book{kelly2014stochastic,
  title={Stochastic networks},
  author={Kelly, Frank and Yudovina, Elena},
  volume={2},
  year={2014},
  publisher={Cambridge University Press}
}
